@article{ ruiz02hierarchical,
    author = "Miguel E. Ruiz and Padmini Srinivasan",
    title = "Hierarchical Text Categorization Using Neural Networks",
    journal = "Information Retrieval",
    volume = "5",
    number = "1",
    publisher = "Kluwer Academic Publishers",
    pages = "87--118",
    year = "2002",
    url = "citeseer.ist.psu.edu/ruiz02hierarchical.html" }
@article{Sebastiani02,
 author = {Fabrizio Sebastiani},
 title = {Machine learning in automated text categorization},
 journal = {ACM Comput. Surv.},
 volume = {34},
 number = {1},
 year = {2002},
 issn = {0360-0300},
 pages = {1--47},
 doi = {http://doi.acm.org/10.1145/505282.505283},
 publisher = {ACM Press},
 address = {New York, NY, USA},
 }
@InCollection{rocchio71relevance,
  title =	"Relevance feedback in information retrieval",
  author =	"J. J. Rocchio",
  booktitle =	"The Smart retrieval system - experiments in automatic
		 document processing",
  editor =	"G. Salton",
  publisher =	"Englewood Cliffs, NJ: Prentice-Hall",
  pages =	"313--323",
  year = 	"1971",
}
@Article{kohonen-88a,
  author =	"T. Kohonen",
  title =	"An Introduction to Neural Computing",
  journal =	"Neural Networks",
  volume =	"1",
  year = 	"1988",
  pages =	"3--16",
  annote =	"A reasonable survey of the motivations, fundamentals,
		 \& applications [pattern recognition, knowledge
		 retrieval, optimization computations, robot control,
		 decision making] of artificial neural networks. Also
		 introduces basic math (in non-standard notation), and
		 discusses feedback, learning, competition. Hypothesizes
		 that mental imagery is related to virtual images.",
  bibdate =	"Tue Mar 1 19:16:59 1988",
  keywords =	"connectionism, introduction",
}
@Article{journals/tkde/ZhangZ06,
  title =	"Multilabel Neural Networks with Applications to
		 Functional Genomics and Text Categorization",
  author =	"Min-Ling Zhang and Zhi-Hua Zhou",
  journal =	"IEEE Trans. Knowl. Data Eng",
  year = 	"2006",
  number =	"10",
  volume =	"18",
  bibdate =	"2006-11-10",
  bibsource =	"DBLP,
		 http://dblp.uni-trier.de/db/journals/tkde/tkde18.html#ZhangZ06",
  pages =	"1338--1351",
  URL =  	"http://doi.ieeecomputersociety.org/10.1109/TKDE.2006.162",
}
@InCollection{rumel:parity,
  author =	"D. E. Rumelhart and J. L. McClelland",
  title =	"Learning internal representations by error
		 propogation",
  year = 	"1986",
  pages =	"318--362",
  booktitle =	"Explorations in the Micro-Structure of Cognition Vol.
		 1 : Foundations",
  publisher =	"MIT Press",
  address =	"Cambridge, MA",
}

@misc{ widyantoro-fuzzy,
  author = "Dwi H. Widyantoro and John Yen",
  title = "A Fuzzy Similarity Approach in Text Classification Task",
  url = "citeseer.ist.psu.edu/692028.html" }



